@Article{shang2010,
author = {Shang, S-L. and Wang, Y. and Kim, D. and Liu, Z-K},
title = {First-principles {T}hermodynamics from {P}honon and {D}ebye {M}odel: {A}pplication to {N}i and \ce{Ni3Al}},
journal = {Computational Materials Science.},
year = {2010},
OPTkey = {•},
volume = {47},
number = {4},
pages = {1040-1048},
OPTmonth = {•},
OPTnote = {•},
OPTannote = {•}
}

@Book{bates1988,
author = {Bates, D. M. and Watts, D. G.},
ALTeditor = {•},
title = {Nonlinear Regressiion Analysis and Its Applications},
publisher = {John Wiley \& Sons},
year = {1988},
OPTkey = {•},
OPTvolume = {•},
OPTnumber = {•},
OPTseries = {•},
OPTaddress = {•},
OPTedition = {•},
OPTmonth = {•},
OPTnote = {•},
OPTannote = {•}
}
